<?xml version="1.0" encoding="UTF-8"?><collection xmlns="http://www.loc.gov/MARC21/slim"><record><leader>00555nam--2200193-u-4500</leader><controlfield tag="001">000055759</controlfield><controlfield tag="002">20161230</controlfield><controlfield tag="005">20161230201052</controlfield><controlfield tag="008">130411s1000------------r-----000-0-rus-d</controlfield><datafield ind1=" " ind2=" " tag="040"><subfield code="a">IFIN-HH</subfield></datafield><datafield ind1=" " ind2=" " tag="041"><subfield code="a">rus</subfield></datafield><datafield ind1=" " ind2=" " tag="080"><subfield code="a">621.039.85</subfield></datafield><datafield ind1="1" ind2=" " tag="100"><subfield code="a">Spitin, V.I</subfield></datafield><datafield ind1="1" ind2="0" tag="245"><subfield code="a">Metodi raboti s primeneniem radioaktivnih indikatorov</subfield><subfield code="c">V.i. spitin, p.n. kodocigov, m.m. golutvina, a.f. kuzina, z.a. sokolova</subfield></datafield><datafield ind1=" " ind2=" " tag="260"><subfield code="a">Moskva</subfield><subfield code="b">Akademii Nauk Sssr</subfield><subfield code="c">1955</subfield></datafield><datafield ind1=" " ind2=" " tag="300"><subfield code="a">286</subfield></datafield><datafield ind1="1" ind2=" " tag="700"><subfield code="a">Sokolova, Z.A</subfield></datafield><datafield ind1=" " ind2=" " tag="852"><subfield code="a">44545</subfield><subfield code="c">H.H</subfield></datafield><datafield ind1=" " ind2=" " tag="CAT"><subfield code="a">Sys</subfield><subfield code="c">20130411</subfield><subfield code="h">145427</subfield></datafield></record></collection>